<?xml version="1.0" encoding="UTF-8"?><record xmlns="http://www.loc.gov/MARC21/slim" xmlns:cinclude="http://apache.org/cocoon/include/1.0" xmlns:zs="http://www.loc.gov/zing/srw/">
  <leader>00462cz  a2200133n  4500</leader>
  <controlfield tag="001">n 2008077200</controlfield>
  <controlfield tag="003">DLC</controlfield>
  <controlfield tag="005">20081115080820.0</controlfield>
  <controlfield tag="008">081114n| acannaabn          |a aaa      </controlfield>
  <datafield tag="010" ind1=" " ind2=" ">
    <subfield code="a">n 2008077200</subfield>
  </datafield>
  <datafield tag="040" ind1=" " ind2=" ">
    <subfield code="a">DLC</subfield>
    <subfield code="b">eng</subfield>
    <subfield code="c">DLC</subfield>
  </datafield>
  <datafield tag="100" ind1="1" ind2=" ">
    <subfield code="a">Rodríguez, Juan Carlos</subfield>
    <subfield code="q">(Rodríguez Gómez).</subfield>
    <subfield code="t">Norma literaria.</subfield>
    <subfield code="l">English</subfield>
  </datafield>
  <datafield tag="400" ind1="1" ind2=" ">
    <subfield code="a">Rodríguez, Juan Carlos</subfield>
    <subfield code="q">(Rodríguez Gómez).</subfield>
    <subfield code="t">State, stage, language</subfield>
  </datafield>
  <datafield tag="670" ind1=" " ind2=" ">
    <subfield code="a">Rodríguez, Juan Carlos. State, stage, language, c2008.</subfield>
  </datafield>
</record>